<record><leader>00000cas a2200000 a 4500</leader><controlfield tag="001">11257645</controlfield><controlfield tag="008">841012d18931913coudn ne      0    0eng c</controlfield><datafield ind1=" " ind2=" " tag="010"><subfield code="a">sn 86063210 </subfield></datafield><datafield ind1=" " ind2=" " tag="040"><subfield code="a">DPL</subfield><subfield code="b">eng</subfield><subfield code="c">DPL</subfield><subfield code="d">NPT</subfield><subfield code="d">CNQ</subfield><subfield code="d">NVF</subfield><subfield code="d">OCLCQ</subfield><subfield code="d">KRTAS</subfield><subfield code="d">CUI</subfield><subfield code="d">OCLCQ</subfield><subfield code="d">OCLCF</subfield></datafield><datafield ind1="1" ind2=" " tag="029"><subfield code="a">AU@</subfield><subfield code="b">000004588361</subfield></datafield><datafield ind1=" " ind2=" " tag="042"><subfield code="a">pcc</subfield></datafield><datafield ind1=" " ind2=" " tag="043"><subfield code="a">n-us-co</subfield><subfield code="a">n-usp--</subfield></datafield><datafield ind1=" " ind2="4" tag="050"><subfield code="a">AN</subfield></datafield><datafield ind1="0" ind2="4" tag="245"><subfield code="a">The Daily mining record.</subfield></datafield><datafield ind1=" " ind2=" " tag="260"><subfield code="a">Denver, Colo. :</subfield><subfield code="b">Reinert Bros.</subfield></datafield><datafield ind1=" " ind2=" " tag="300"><subfield code="a">v.</subfield></datafield><datafield ind1=" " ind2=" " tag="310"><subfield code="a">Daily (except Sunday)</subfield></datafield><datafield ind1="0" ind2=" " tag="362"><subfield code="a">Vol. 1, no. 1 (Aug. 28, 1893)-v. 25, no. 297 (Dec. 30, 1913).</subfield></datafield><datafield ind1=" " ind2=" " tag="500"><subfield code="a">Special annual editions, Mar. 28, 1904 and Mar. 1905.</subfield></datafield><datafield ind1=" " ind2=" " tag="530"><subfield code="a">Available on microfilm from the Colorado Historical Society.</subfield></datafield><datafield ind1=" " ind2="0" tag="650"><subfield code="a">Mineral industries</subfield><subfield code="z">Colorado</subfield><subfield code="v">Newspapers.</subfield></datafield><datafield ind1=" " ind2="0" tag="650"><subfield code="a">Mineral industries</subfield><subfield code="z">West (U.S.)</subfield><subfield code="v">Newspapers.</subfield></datafield><datafield ind1=" " ind2="0" tag="650"><subfield code="a">Mines and mineral resources</subfield><subfield code="z">West (U.S.)</subfield><subfield code="v">Newspapers.</subfield></datafield><datafield ind1=" " ind2="0" tag="651"><subfield code="a">Denver (Colo.)</subfield><subfield code="v">Newspapers.</subfield></datafield><datafield ind1=" " ind2="7" tag="655"><subfield code="a">Newspapers.</subfield><subfield code="2">fast</subfield><subfield code="0">(OCoLC)fst01423814</subfield></datafield><datafield ind1=" " ind2="7" tag="650"><subfield code="a">Mineral industries.</subfield><subfield code="2">fast</subfield><subfield code="0">(OCoLC)fst01022218</subfield></datafield><datafield ind1=" " ind2="7" tag="650"><subfield code="a">Mines and mineral resources.</subfield><subfield code="2">fast</subfield><subfield code="0">(OCoLC)fst01022541</subfield></datafield><datafield ind1=" " ind2="7" tag="651"><subfield code="a">Colorado.</subfield><subfield code="2">fast</subfield><subfield code="0">(OCoLC)fst01210251</subfield></datafield><datafield ind1=" " ind2="7" tag="651"><subfield code="a">Colorado</subfield><subfield code="z">Denver.</subfield><subfield code="2">fast</subfield><subfield code="0">(OCoLC)fst01205192</subfield></datafield><datafield ind1=" " ind2="7" tag="651"><subfield code="a">United States, West.</subfield><subfield code="2">fast</subfield><subfield code="0">(OCoLC)fst01243255</subfield></datafield><datafield ind1=" " ind2=" " tag="752"><subfield code="a">United States</subfield><subfield code="b">Colorado</subfield><subfield code="c">Denver</subfield><subfield code="d">Denver.</subfield></datafield><datafield ind1=" " ind2=" " tag="752"><subfield code="a">United States</subfield><subfield code="b">Colorado</subfield><subfield code="c">Arapahoe</subfield><subfield code="d">Denver.</subfield></datafield><datafield ind1="0" ind2="8" tag="776"><subfield code="i">Online version:</subfield><subfield code="t">Daily Mining Record</subfield><subfield code="w">(OCoLC)192107246</subfield></datafield><datafield ind1="0" ind2="0" tag="780"><subfield code="t">Daily state mining journal</subfield><subfield code="w">(DLC)sn 91052357</subfield><subfield code="w">(OCoLC)23273955</subfield></datafield><datafield ind1="0" ind2="0" tag="785"><subfield code="t">Daily mining and financial record</subfield><subfield code="w">(DLC)sn 90051909</subfield><subfield code="w">(OCoLC)11257693</subfield></datafield><datafield ind1=" " ind2=" " tag="938"><subfield code="a">Kirtas Technologies, Inc.</subfield><subfield code="b">KRTS</subfield><subfield code="n">731546</subfield></datafield></record>